<collection xmlns="http://www.loc.gov/MARC21/slim">
<record>
  <leader>00952nam0a22002171i 450 </leader>
  <controlfield tag="001">IT\ICCU\CNCE\070972</controlfield>
  <controlfield tag="005">20070612000000.0</controlfield>
  <datafield tag="012" ind1=" " ind2=" ">
    <subfield code="a">o.a- e-ij noi. mixv (3) 1574 (A)</subfield>
    <subfield code="2">fei</subfield>
  </datafield>
  <datafield tag="100" ind1=" " ind2=" ">
    <subfield code="a">20070608f1574        0itac0103    ba</subfield>
  </datafield>
  <datafield tag="101" ind1=" " ind2=" ">
    <subfield code="a">ITA</subfield>
  </datafield>
  <datafield tag="102" ind1=" " ind2=" ">
    <subfield code="a">IT</subfield>
  </datafield>
  <datafield tag="200" ind1="1" ind2=" ">
    <subfield code="a">℗Le ℗indulgentie et stationi di Roma per tutto l&apos;anno. Tutti li devoti et devote del glorioso padre Santo Agostino dottore ... della Santa madre Chiesa, &amp; della sua madre Santa Monica salute, &amp; spirituale consolatione</subfield>
  </datafield>
  <datafield tag="210" ind1=" " ind2=" ">
    <subfield code="d">\1574?!</subfield>
    <subfield code="e">In Vercelli</subfield>
    <subfield code="g">per Guglielmo Molino</subfield>
  </datafield>
  <datafield tag="215" ind1=" " ind2=" ">
    <subfield code="a">40 p.</subfield>
    <subfield code="d">12ʻ</subfield>
  </datafield>
  <datafield tag="300" ind1=" " ind2=" ">
    <subfield code="a">La data si ricava dal testo</subfield>
  </datafield>
  <datafield tag="620" ind1=" " ind2=" ">
    <subfield code="a">IT</subfield>
    <subfield code="d">Vercelli</subfield>
  </datafield>
  <datafield tag="712" ind1="0" ind2="0">
    <subfield code="a">Molino, Guglielmo</subfield>
    <subfield code="3">IT\ICCU\CNCT\000249</subfield>
    <subfield code="4">650</subfield>
  </datafield>
  <datafield tag="791" ind1="0" ind2="0">
    <subfield code="a">Molinus, Gulielmus</subfield>
    <subfield code="3">IT\ICCU\CNCT\005212</subfield>
    <subfield code="z">Molino, Guglielmo</subfield>
  </datafield>
  <datafield tag="791" ind1="0" ind2="0">
    <subfield code="a">Mollino, Gullielmo</subfield>
    <subfield code="3">IT\ICCU\CNCT\005213</subfield>
    <subfield code="z">Molino, Guglielmo</subfield>
  </datafield>
  <datafield tag="801" ind1=" " ind2="3">
    <subfield code="a">IT</subfield>
    <subfield code="b">ICCU</subfield>
    <subfield code="c">20201115</subfield>
  </datafield>
  <datafield tag="899" ind1=" " ind2=" ">
    <subfield code="a">Biblioteca del Santuario di Oropa. Fraz. Oropa</subfield>
    <subfield code="1">BI0002</subfield>
    <subfield code="2">BIA SO</subfield>
  </datafield>
</record>
</collection>
